@article{NavigliPonzetto:12aij,
	author = {Roberto Navigli and Simone Paolo Ponzetto},
	title = {{B}abel{N}et: {T}he Automatic Construction, Evaluation and Application of a Wide-Coverage Multilingual Semantic Network},
	journal = {Artificial Intelligence},
	year = {2012},
	volume = {193},
	pages = {217-250}
}